@book{ubsmc,
  title = {{Unbounded Software Model Checking with Incremental SAT-Solving}},
  author = "Marko Kleine Büning and Tomas Balyo and Carsten Sinz",
  note = {on-line at \url{https://arxiv.org/pdf/1802.04174.pdf}},
  year = {2018}
}

@book{bitblasting,
  title = {{Solving Constraints over Bit-Vectors with SAT-based Model Checking}},
  author = "Yakir Vizel and Alexander Nadel and Sharad Malik",
  note = {on-line at \url{http://smt-workshop.cs.uiowa.edu/2017/papers/SMT2017_paper_8.pdf}},
  year = {2017}
}

@misc{llvm,
  title = {{The LLVM compiler infrastructure}},
  note = {on-line at \url{http://llvm.org/}}
}

@misc{llumc,
  title = {{LLUMC (Low Level Unbounded Model Checker)}},
  note = {on-line at \url{https://github.com/MarkoKleineBuening/llumc}},
  year = {2017}
}

@book{symbolic,
  title = {{Generalized symbolic execution for model checking and testing}},
  author = "Khurshid S. and Păsăreanu C.S. and Visser W.",
  note = {In: International Conference on Tools and Algorithms for the Construction and Analysis of Systems},
  year = {2003},
  pages = {553-568}
}

@book{bsmc,
  title = {{Bounded model checking}},
  author = "Biere A. and Cimatti, A. and Clarke E.M. and Strichman O. and Zhu, Y.",
  note = {In: Advances in computers 58},
  year = {2003},
  pages = {117-148}
}

@book{iss,
  title = {{An extensible sat-solver}},
  author = "Eén N. and Sörensson N.",
  note = {In: Advances in computers 58},
  year = {2003},
  pages = {502-518}
}

https://arxiv.org/pdf/1802.04174.pdf
